@inproceedings{montemerlo2002conditional,
  title={Conditional particle filters for simultaneous mobile robot localization and people-tracking},
  author={Montemerlo, Michael and Thrun, Sebastian and Whittaker, William},
  booktitle={Robotics and Automation, 2002. Proceedings. ICRA'02. IEEE International Conference on},
  volume={1},
  pages={695--701},
  year={2002},
  organization={IEEE}
}

@inproceedings{starner2000gesture,
  title={The gesture pendant: A self-illuminating, wearable, infrared computer vision system for home automation control and medical monitoring},
  author={Starner, Thad and Auxier, Jake and Ashbrook, Daniel and Gandy, Maribeth},
  booktitle={Wearable computers, the fourth international symposium on},
  pages={87--94},
  year={2000},
  organization={IEEE}
}

@INPROCEEDINGS{853799, 
author={N. Winters and J. Gaspar and G. Lacey and J. Santos-Victor}, 
booktitle={Proceedings IEEE Workshop on Omnidirectional Vision (Cat. No.PR00704)}, 
title={Omni-directional vision for robot navigation}, 
year={2000}, 
pages={21-28}, 
keywords={collision avoidance;robot vision;Topological Navigation;Visual Path Following;bird's eye views;navigation modalities;omni-directional images;robot navigation;Cameras;Computational geometry;Image coding;Lighting;Navigation;Principal component analysis;Robot control;Robot vision systems;Trajectory;Visual servoing}, 
doi={10.1109/OMNVIS.2000.853799}, 
month={},}

@ARTICLE{4287130, 
author={A. P. Aguiar and J. P. Hespanha}, 
journal={IEEE Transactions on Automatic Control}, 
title={Trajectory-Tracking and Path-Following of Underactuated Autonomous Vehicles With Parametric Modeling Uncertainty}, 
year={2007}, 
volume={52}, 
number={8}, 
pages={1362-1379}, 
doi={10.1109/TAC.2007.902731}, 
ISSN={0018-9286}, 
month={Aug},}

@article{likhachev2009planning,
  title={Planning long dynamically feasible maneuvers for autonomous vehicles},
  author={Likhachev, Maxim and Ferguson, Dave},
  journal={The International Journal of Robotics Research},
  volume={28},
  number={8},
  pages={933--945},
  year={2009},
  publisher={Sage Publications Sage UK: London, England}
}