@inproceedings{wang2016kinematic,
  title={Kinematic multi-robot manipulation with no communication using force feedback},
  author={Wang, Zijian and Schwager, Mac},
  booktitle={Robotics and Automation (ICRA), 2016 IEEE International Conference on},
  pages={427--432},
  year={2016},
  organization={IEEE}
}

@inproceedings{acevedo2014decentralized,
  title={A decentralized algorithm for area surveillance missions using a team of aerial robots with different sensing capabilities},
  author={Acevedo, Jose J and Arrue, Begona C and Maza, Ivan and Ollero, Anibal},
  booktitle={Robotics and Automation (ICRA), 2014 IEEE International Conference on},
  pages={4735--4740},
  year={2014},
  organization={IEEE}
}

@inproceedings{pellegrinelli2016human,
  title={Human-robot shared workspace collaboration via hindsight optimization},
  author={Pellegrinelli, Stefania and Admoni, Henny and Javdani, Shervin and Srinivasa, Siddhartha},
  booktitle={Intelligent Robots and Systems (IROS), 2016 IEEE/RSJ International Conference on},
  pages={831--838},
  year={2016},
  organization={IEEE}
}

@inproceedings{knepper2013ikeabot,
  title={Ikeabot: An autonomous multi-robot coordinated furniture assembly system},
  author={Knepper, Ross A and Layton, Todd and Romanishin, John and Rus, Daniela},
  booktitle={Robotics and Automation (ICRA), 2013 IEEE International Conference on},
  pages={855--862},
  year={2013},
  organization={IEEE}
}


@inproceedings{traversaro2015inertial,
  title={Inertial parameters identification and joint torques estimation with proximal force/torque sensing},
  author={Traversaro, Silvio and Del Prete, Andrea and Ivaldi, Serena and Nori, Francesco},
  booktitle={Robotics and Automation (ICRA), 2015 IEEE International Conference on},
  pages={2105--2110},
  year={2015},
  organization={IEEE}
}
