%% This BibTeX bibliography file was created using BibDesk.
%% http://bibdesk.sourceforge.net/


%% Created for Liam Paull at 2015-03-04 14:53:31 -0500 


%% Saved with string encoding Unicode (UTF-8) 


@string{aaai = {AAAI Conf. on Artificial Intelligence}}

@string{ac = {{IEEE} Trans. on Automatic Control}}

@string{accv = {Asian Conf. on Computer Vision (ACCV)}}

@string{ar = {Autonomous Robots}}

@string{bmvc = {British Machine Vision Conf. (BMVC)}}

@string{brm = {Behavior Research Methods, Instruments, \& Computers}}

@string{cbdar = {Proc. of Camera-based Document Analysis and Recognition (CBDAR)}}

@string{cviu = {Computer Vision and Image Understanding}}

@string{cvpr = {Proc. {IEEE} Int. Conf. Computer Vision and Pattern Recognition (CVPR)}}

@string{drr = {Proc. of SPIE Document Recognition and Retrieval}}

@string{eccv = {Eur. Conf. on Computer Vision (ECCV)}}

@string{emav = {European Micro Aerial Vehicle Conference}}

@string{fsr = {Field and Service Robotics}}

@string{fusion = {Intl. Conf. on Information Fusion (FUSION)}}

@string{icar = {IEEE Intl. Conf. on Advanced Robotics (ICAR)}}

@string{iccv = {Intl. Conf. on Computer Vision (ICCV)}}

@string{icdar = {Proc. of the Intl. Conf. on Document Analysis and Recognition (ICDAR)}}

@string{icpr = {Intl. Conf. on Pattern Recognition (ICPR)}}

@string{icra = {IEEE Intl. Conf. on Robotics and Automation (ICRA)}}

@string{ieee = {Proc. of the IEEE}}

@string{ijcai = {Intl. Joint Conf. on Artificial Intelligence}}

@string{ijcv = {International Journal of Computer Vision}}

@string{ijrr = {Intl. J. of Robotics Research}}

@string{iros = {IEEE/RSJ Intl. Conf. on Intelligent Robots and Systems (IROS)}}

@string{iser = {Intl. Sym. on Experimental Robotics (ISER)}}

@string{ismar = {IEEE and ACM Intl. Sym. on Mixed and Augmented Reality (ISMAR)}}

@string{isrr = {Proc. of the Intl. Symp. of Robotics Research (ISRR)}}

@string{jbe = {{ASME} Journal of Basic Engineering}}

@string{jfr = {J. of Field Robotics}}

@string{joe = {Journal of Oceanic Engineering}}

@string{mit = {The MIT Press, Cambridge, MA}}

@string{mtsj = {Marine Technology Society Journal}}

@string{oceans = {Proceedings of the IEEE/MTS OCEANS Conference and Exhibition}}

@string{pami = {{IEEE} Trans. Pattern Anal. Machine Intell.}}

@string{ram = {{IEEE} Robotics Automation Magazine}}

@string{ras = {Journal of Robotics and Autonomous Systems}}

@string{rss = {Robotics: Science and Systems (RSS)}}

@string{siggraph = {SIGGRAPH}}

@string{tac = {{IEEE} Trans. on Automatic Control}}

@string{tra = {{IEEE} Trans. Robotics and Automation}}

@string{tro = {{IEEE} Trans. Robotics}}

@string{uust = {Proc. Int. Symp. on Unmanned Untethered Submersible Technology}}





@article{girshick2016region,
  title={Region-based convolutional networks for accurate object detection and segmentation},
  author={Girshick, Ross and Donahue, Jeff and Darrell, Trevor and Malik, Jitendra},
  journal={IEEE transactions on pattern analysis and machine intelligence},
  volume={38},
  number={1},
  pages={142--158},
  year={2016},
  publisher={IEEE}
}

@inproceedings{malisiewicz2011ensemble,
  title={Ensemble of exemplar-svms for object detection and beyond},
  author={Malisiewicz, Tomasz and Gupta, Abhinav and Efros, Alexei A},
  booktitle={Computer Vision (ICCV), 2011 IEEE International Conference on},
  pages={89--96},
  year={2011},
  organization={IEEE}
}

@inproceedings{krizhevsky2012imagenet,
  title={Imagenet classification with deep convolutional neural networks},
  author={Krizhevsky, Alex and Sutskever, Ilya and Hinton, Geoffrey E},
  booktitle={Advances in neural information processing systems},
  pages={1097--1105},
  year={2012}
}

@inproceedings{li2016deep,
  title={Deep contrast learning for salient object detection},
  author={Li, Guanbin and Yu, Yizhou},
  booktitle={Proceedings of the IEEE Conference on Computer Vision and Pattern Recognition},
  pages={478--487},
  year={2016}
}

@inproceedings{szegedy2013deep,
  title={Deep neural networks for object detection},
  author={Szegedy, Christian and Toshev, Alexander and Erhan, Dumitru},
  booktitle={Advances in Neural Information Processing Systems},
  pages={2553--2561},
  year={2013}
}
