%% This BibTeX bibliography file was created using BibDesk.
%% http://bibdesk.sourceforge.net/


%% Created for Liam Paull at 2015-03-04 14:53:31 -0500 


%% Saved with string encoding Unicode (UTF-8) 


@string{aaai = {AAAI Conf. on Artificial Intelligence}}

@string{ac = {{IEEE} Trans. on Automatic Control}}

@string{accv = {Asian Conf. on Computer Vision (ACCV)}}

@string{ar = {Autonomous Robots}}

@string{bmvc = {British Machine Vision Conf. (BMVC)}}

@string{brm = {Behavior Research Methods, Instruments, \& Computers}}

@string{cbdar = {Proc. of Camera-based Document Analysis and Recognition (CBDAR)}}

@string{cviu = {Computer Vision and Image Understanding}}

@string{cvpr = {Proc. {IEEE} Int. Conf. Computer Vision and Pattern Recognition (CVPR)}}

@string{drr = {Proc. of SPIE Document Recognition and Retrieval}}

@string{eccv = {Eur. Conf. on Computer Vision (ECCV)}}

@string{emav = {European Micro Aerial Vehicle Conference}}

@string{fsr = {Field and Service Robotics}}

@string{fusion = {Intl. Conf. on Information Fusion (FUSION)}}

@string{icar = {IEEE Intl. Conf. on Advanced Robotics (ICAR)}}

@string{iccv = {Intl. Conf. on Computer Vision (ICCV)}}

@string{icdar = {Proc. of the Intl. Conf. on Document Analysis and Recognition (ICDAR)}}

@string{icpr = {Intl. Conf. on Pattern Recognition (ICPR)}}

@string{icra = {IEEE Intl. Conf. on Robotics and Automation (ICRA)}}

@string{ieee = {Proc. of the IEEE}}

@string{ijcai = {Intl. Joint Conf. on Artificial Intelligence}}

@string{ijcv = {International Journal of Computer Vision}}

@string{ijrr = {Intl. J. of Robotics Research}}

@string{iros = {IEEE/RSJ Intl. Conf. on Intelligent Robots and Systems (IROS)}}

@string{iser = {Intl. Sym. on Experimental Robotics (ISER)}}

@string{ismar = {IEEE and ACM Intl. Sym. on Mixed and Augmented Reality (ISMAR)}}

@string{isrr = {Proc. of the Intl. Symp. of Robotics Research (ISRR)}}

@string{jbe = {{ASME} Journal of Basic Engineering}}

@string{jfr = {J. of Field Robotics}}

@string{joe = {Journal of Oceanic Engineering}}

@string{mit = {The MIT Press, Cambridge, MA}}

@string{mtsj = {Marine Technology Society Journal}}

@string{oceans = {Proceedings of the IEEE/MTS OCEANS Conference and Exhibition}}

@string{pami = {{IEEE} Trans. Pattern Anal. Machine Intell.}}

@string{ram = {{IEEE} Robotics Automation Magazine}}

@string{ras = {Journal of Robotics and Autonomous Systems}}

@string{rss = {Robotics: Science and Systems (RSS)}}

@string{siggraph = {SIGGRAPH}}

@string{tac = {{IEEE} Trans. on Automatic Control}}

@string{tra = {{IEEE} Trans. Robotics and Automation}}

@string{tro = {{IEEE} Trans. Robotics}}

@string{uust = {Proc. Int. Symp. on Unmanned Untethered Submersible Technology}}

@inproceedings{schroff2015facenet,
  title={Facenet: A unified embedding for face recognition and clustering},
  author={Schroff, Florian and Kalenichenko, Dmitry and Philbin, James},
  booktitle={Proceedings of the IEEE Conference on Computer Vision and Pattern Recognition},
  pages={815--823},
  year={2015}
}

@inproceedings{liu2016ssd,
  title={SSD: Single shot multibox detector},
  author={Liu, Wei and Anguelov, Dragomir and Erhan, Dumitru and Szegedy, Christian and Reed, Scott and Fu, Cheng-Yang and Berg, Alexander C},
  booktitle={European Conference on Computer Vision},
  pages={21--37},
  year={2016},
  organization={Springer}
}

@inproceedings{redmon2016you,
  title={You only look once: Unified, real-time object detection},
  author={Redmon, Joseph and Divvala, Santosh and Girshick, Ross and Farhadi, Ali},
  booktitle={Proceedings of the IEEE Conference on Computer Vision and Pattern Recognition},
  pages={779--788},
  year={2016}
}

@inproceedings{laptev2016ti,
  title={TI-POOLING: transformation-invariant pooling for feature learning in Convolutional Neural Networks},
  author={Laptev, Dmitry and Savinov, Nikolay and Buhmann, Joachim M and Pollefeys, Marc},
  booktitle={Proceedings of the IEEE Conference on Computer Vision and Pattern Recognition},
  pages={289--297},
  year={2016}
}

@inproceedings{galleguillos2008weakly,
  title={Weakly supervised object localization with stable segmentations},
  author={Galleguillos, Carolina and Babenko, Boris and Rabinovich, Andrew and Belongie, Serge},
  booktitle={European Conference on Computer Vision},
  pages={193--207},
  year={2008},
  organization={Springer}
}
