%% This BibTeX bibliography file was created using BibDesk.
%% http://bibdesk.sourceforge.net/


%% Created for Liam Paull at 2015-03-04 14:53:31 -0500 


%% Saved with string encoding Unicode (UTF-8) 


@string{aaai = {AAAI Conf. on Artificial Intelligence}}

@string{ac = {{IEEE} Trans. on Automatic Control}}

@string{accv = {Asian Conf. on Computer Vision (ACCV)}}

@string{ar = {Autonomous Robots}}

@string{bmvc = {British Machine Vision Conf. (BMVC)}}

@string{brm = {Behavior Research Methods, Instruments, \& Computers}}

@string{cbdar = {Proc. of Camera-based Document Analysis and Recognition (CBDAR)}}

@string{cviu = {Computer Vision and Image Understanding}}

@string{cvpr = {Proc. {IEEE} Int. Conf. Computer Vision and Pattern Recognition (CVPR)}}

@string{drr = {Proc. of SPIE Document Recognition and Retrieval}}

@string{eccv = {Eur. Conf. on Computer Vision (ECCV)}}

@string{emav = {European Micro Aerial Vehicle Conference}}

@string{fsr = {Field and Service Robotics}}

@string{fusion = {Intl. Conf. on Information Fusion (FUSION)}}

@string{icar = {IEEE Intl. Conf. on Advanced Robotics (ICAR)}}

@string{iccv = {Intl. Conf. on Computer Vision (ICCV)}}

@string{icdar = {Proc. of the Intl. Conf. on Document Analysis and Recognition (ICDAR)}}

@string{icpr = {Intl. Conf. on Pattern Recognition (ICPR)}}

@string{icra = {IEEE Intl. Conf. on Robotics and Automation (ICRA)}}

@string{ieee = {Proc. of the IEEE}}

@string{ijcai = {Intl. Joint Conf. on Artificial Intelligence}}

@string{ijcv = {International Journal of Computer Vision}}

@string{ijrr = {Intl. J. of Robotics Research}}

@string{iros = {IEEE/RSJ Intl. Conf. on Intelligent Robots and Systems (IROS)}}

@string{iser = {Intl. Sym. on Experimental Robotics (ISER)}}

@string{ismar = {IEEE and ACM Intl. Sym. on Mixed and Augmented Reality (ISMAR)}}

@string{isrr = {Proc. of the Intl. Symp. of Robotics Research (ISRR)}}

@string{jbe = {{ASME} Journal of Basic Engineering}}

@string{jfr = {J. of Field Robotics}}

@string{joe = {Journal of Oceanic Engineering}}

@string{mit = {The MIT Press, Cambridge, MA}}

@string{mtsj = {Marine Technology Society Journal}}

@string{oceans = {Proceedings of the IEEE/MTS OCEANS Conference and Exhibition}}

@string{pami = {{IEEE} Trans. Pattern Anal. Machine Intell.}}

@string{ram = {{IEEE} Robotics Automation Magazine}}

@string{ras = {Journal of Robotics and Autonomous Systems}}

@string{rss = {Robotics: Science and Systems (RSS)}}

@string{siggraph = {SIGGRAPH}}

@string{tac = {{IEEE} Trans. on Automatic Control}}

@string{tra = {{IEEE} Trans. Robotics and Automation}}

@string{tro = {{IEEE} Trans. Robotics}}

@string{uust = {Proc. Int. Symp. on Unmanned Untethered Submersible Technology}}

@INPROCEEDINGS{990517, 
author={P. Viola and M. Jones}, 
booktitle={Proceedings of the 2001 IEEE Computer Society Conference on Computer Vision and Pattern Recognition. CVPR 2001}, 
title={Rapid object detection using a boosted cascade of simple features}, 
year={2001}, 
volume={1}, 
pages={I-511-I-518 vol.1}, 
doi={10.1109/CVPR.2001.990517}, 
ISSN={1063-6919}, 
month={},}

@INPROCEEDINGS{1389727, 
author={N. Koenig and A. Howard}, 
booktitle={2004 IEEE/RSJ International Conference on Intelligent Robots and Systems (IROS) (IEEE Cat. No.04CH37566)}, 
title={Design and use paradigms for Gazebo, an open-source multi-robot simulator}, 
year={2004}, 
volume={3}, 
pages={2149-2154 vol.3}, 
doi={10.1109/IROS.2004.1389727}, 
month={Sept},}

@INPROCEEDINGS{4543489, 
author={J. van den Berg and Ming Lin and D. Manocha}, 
booktitle={2008 IEEE International Conference on Robotics and Automation}, 
title={Reciprocal Velocity Obstacles for real-time multi-agent navigation}, 
year={2008}, 
pages={1928-1935}, 
doi={10.1109/ROBOT.2008.4543489}, 
ISSN={1050-4729}, 
month={May},}

@INPROCEEDINGS{5459469, 
author={K. Jarrett and K. Kavukcuoglu and M. Ranzato and Y. LeCun}, 
booktitle={2009 IEEE 12th International Conference on Computer Vision}, 
title={What is the best multi-stage architecture for object recognition?}, 
year={2009}, 
pages={2146-2153}, 
doi={10.1109/ICCV.2009.5459469}, 
ISSN={1550-5499}, 
month={Sept},}

@INPROCEEDINGS{5509725, 
author={E. Marder-Eppstein and E. Berger and T. Foote and B. Gerkey and K. Konolige}, 
booktitle={2010 IEEE International Conference on Robotics and Automation}, 
title={The Office Marathon: Robust navigation in an indoor office environment}, 
year={2010}, 
pages={300-307}, 
doi={10.1109/ROBOT.2010.5509725}, 
ISSN={1050-4729}, 
month={May},}
