
@article{aleem2015comparative,
  title={Comparative performance analysis of machine learning techniques for software bug detection},
  author={Aleem, Saiqa and Capretz, Luiz Fernando and Ahmed, Faheem},
  journal={Computer Science and Information Technology (CS \& IT-CSCP 2015)},
  pages={71--79},
  year={2015},
  publisher={Citeseer}
}
@article{chang2015artificial,
  title={An artificial bee colony algorithm for data collection path planning in sparse wireless sensor networks},
  author={Chang, Wei-Lun and Zeng, Deze and Chen, Rung-Ching and Guo, Song},
  journal={International Journal of Machine Learning and Cybernetics},
  volume={6},
  number={3},
  pages={375--383},
  year={2015},
  publisher={Springer}
}
@article{giusti2016machine,
  title={A machine learning approach to visual perception of forest trails for mobile robots},
  author={Giusti, Alessandro and Guzzi, J{\'e}r{\^o}me and Cire{\c{s}}an, Dan C and He, Fang-Lin and Rodr{\'\i}guez, Juan P and Fontana, Flavio and Faessler, Matthias and Forster, Christian and Schmidhuber, J{\"u}rgen and Di Caro, Gianni and others},
  journal={IEEE Robotics and Automation Letters},
  volume={1},
  number={2},
  pages={661--667},
  year={2016},
  publisher={IEEE}
}
@incollection{jain2016beyond,
  title={Beyond geometric path planning: Learning context-driven trajectory preferences via sub-optimal feedback},
  author={Jain, Ashesh and Sharma, Shikhar and Saxena, Ashutosh},
  booktitle={Robotics Research},
  pages={319--338},
  year={2016},
  publisher={Springer}
}
@article{levine2016learning,
  title={Learning hand-eye coordination for robotic grasping with deep learning and large-scale data collection},
  author={Levine, Sergey and Pastor, Peter and Krizhevsky, Alex and Quillen, Deirdre},
  journal={arXiv preprint arXiv:1603.02199},
  year={2016}
}