@article{wright2009robust,
  title={Robust face recognition via sparse representation},
  author={Wright, John and Yang, Allen Y and Ganesh, Arvind and Sastry, S Shankar and Ma, Yi},
  journal={IEEE transactions on pattern analysis and machine intelligence},
  volume={31},
  number={2},
  pages={210--227},
  year={2009},
  publisher={IEEE}
}

@article{kemelmacher20113d,
  title={3D face reconstruction from a single image using a single reference face shape},
  author={Kemelmacher-Shlizerman, Ira and Basri, Ronen},
  journal={IEEE transactions on pattern analysis and machine intelligence},
  volume={33},
  number={2},
  pages={394--405},
  year={2011},
  publisher={IEEE}
}

@article{rivera2013local,
  title={Local directional number pattern for face analysis: Face and expression recognition},
  author={Rivera, Adin Ramirez and Castillo, Jorge Rojas and Chae, Oksam Oksam},
  journal={IEEE transactions on image processing},
  volume={22},
  number={5},
  pages={1740--1752},
  year={2013},
  publisher={IEEE}
}

@inproceedings{ren2014face,
  title={Face alignment at 3000 fps via regressing local binary features},
  author={Ren, Shaoqing and Cao, Xudong and Wei, Yichen and Sun, Jian},
  booktitle={Proceedings of the IEEE Conference on Computer Vision and Pattern Recognition},
  pages={1685--1692},
  year={2014}
}

@inproceedings{zhu2016unconstrained,
  title={Unconstrained face alignment via cascaded compositional learning},
  author={Zhu, Shizhan and Li, Cheng and Loy, Chen-Change and Tang, Xiaoou},
  booktitle={Proceedings of the IEEE Conference on Computer Vision and Pattern Recognition},
  pages={3409--3417},
  year={2016}
}


