%% This BibTeX bibliography file was created using BibDesk.
%% http://bibdesk.sourceforge.net/


%% Created for Liam Paull at 2015-03-04 14:53:31 -0500 


%% Saved with string encoding Unicode (UTF-8) 


@string{aaai = {AAAI Conf. on Artificial Intelligence}}

@string{ac = {{IEEE} Trans. on Automatic Control}}

@string{accv = {Asian Conf. on Computer Vision (ACCV)}}

@string{ar = {Autonomous Robots}}

@string{bmvc = {British Machine Vision Conf. (BMVC)}}

@string{brm = {Behavior Research Methods, Instruments, \& Computers}}

@string{cbdar = {Proc. of Camera-based Document Analysis and Recognition (CBDAR)}}

@string{cviu = {Computer Vision and Image Understanding}}

@string{cvpr = {Proc. {IEEE} Int. Conf. Computer Vision and Pattern Recognition (CVPR)}}

@string{drr = {Proc. of SPIE Document Recognition and Retrieval}}

@string{eccv = {Eur. Conf. on Computer Vision (ECCV)}}

@string{emav = {European Micro Aerial Vehicle Conference}}

@string{fsr = {Field and Service Robotics}}

@string{fusion = {Intl. Conf. on Information Fusion (FUSION)}}

@string{icar = {IEEE Intl. Conf. on Advanced Robotics (ICAR)}}

@string{iccv = {Intl. Conf. on Computer Vision (ICCV)}}

@string{icdar = {Proc. of the Intl. Conf. on Document Analysis and Recognition (ICDAR)}}

@string{icpr = {Intl. Conf. on Pattern Recognition (ICPR)}}

@string{icra = {IEEE Intl. Conf. on Robotics and Automation (ICRA)}}

@string{ieee = {Proc. of the IEEE}}

@string{ijcai = {Intl. Joint Conf. on Artificial Intelligence}}

@string{ijcv = {International Journal of Computer Vision}}

@string{ijrr = {Intl. J. of Robotics Research}}

@string{iros = {IEEE/RSJ Intl. Conf. on Intelligent Robots and Systems (IROS)}}

@string{iser = {Intl. Sym. on Experimental Robotics (ISER)}}

@string{ismar = {IEEE and ACM Intl. Sym. on Mixed and Augmented Reality (ISMAR)}}

@string{isrr = {Proc. of the Intl. Symp. of Robotics Research (ISRR)}}

@string{jbe = {{ASME} Journal of Basic Engineering}}

@string{jfr = {J. of Field Robotics}}

@string{joe = {Journal of Oceanic Engineering}}

@string{mit = {The MIT Press, Cambridge, MA}}

@string{mtsj = {Marine Technology Society Journal}}

@string{oceans = {Proceedings of the IEEE/MTS OCEANS Conference and Exhibition}}

@string{pami = {{IEEE} Trans. Pattern Anal. Machine Intell.}}

@string{ram = {{IEEE} Robotics Automation Magazine}}

@string{ras = {Journal of Robotics and Autonomous Systems}}

@string{rss = {Robotics: Science and Systems (RSS)}}

@string{siggraph = {SIGGRAPH}}

@string{tac = {{IEEE} Trans. on Automatic Control}}

@string{tra = {{IEEE} Trans. Robotics and Automation}}

@string{tro = {{IEEE} Trans. Robotics}}

@string{uust = {Proc. Int. Symp. on Unmanned Untethered Submersible Technology}}



@inproceedings{Cody2016RSS,
  title={Seeing Glassware: from Edge Detection to Pose Estimation and Shape Recovery},
  author={Phillips, Cody J and Lecce, Matthieu and Daniilidis, Kostas},
  booktitle=rss,
  year={2016},
}

@inproceedings{APC2016IEEE,
  title={Probabilistic Multi-Class Segmentation for the Amazon Picking Challenge},
  author={Jonschkowski, Rico and Eppner, Clemens and H{\"o}fer, Sebastian and Mart{\'i}n-Mart{\'i}n, Roberto and Brock Oliver},
  booktitle=iros,
  year={2016},
  organization={IEEE}
}

@inProceedings{Ahmed2014CVPR,
  author={Ahmed, Ejaz and Cohen, Scott and Price, Brian},
  title={Semantic Object Selection},
  booktitle=cvpr,
  pages={3150--3157},  
  month={June},
  year={2016}
}

@inProceedings{Chen2015CVPR,
  author={Chen, Yi-Ting and Liu, Xiaokai and Yang, Ming-Hsuan},
  title={Multi-Instance Object Segmentation with Occlusion Handling},
  booktitle=cvpr,
  pages={3470--3478},  
  month={June},
  year={2015}
}

@inProceedings{Ilya2013RSS,
  author={Lysenkov, Ilya and Eruhimov, Victor and Bradski, Gary},
  title={Recognition and Pose Estimation of Rigid Transparent Objects with a Kinect Sensor},
  booktitle=rss,
  month={July},
  year={2012}
}
